%%%%%%%%%%% Inspiration for figures in 
@misc{ffnn,
    author = {{Kjell Magne Fauske}},
    title = {{Example: Neural network}},
    howpublished = {\url{http://www.texample.net/tikz/examples/neural-network/}},
    note = {Online; accessed 26.03.2020} 
    }
    
@misc{activation_one_node,
    title = {{Architecture Neural Network with weights}},
    howpublished = {\url{https://tex.stackexchange.com/questions/505741/architecture-neural-network-with-weights}},
    note = {Online; accessed 26.03.2020} 
    }
    
@misc{convolution_operation,
    title = {{Visualizing matrix convolution}},
    howpublished = {\url{https://tex.stackexchange.com/questions/522118/visualizing-matrix-convolution}},
    note = {Online; accessed 26.03.2020} 
    }
    
@misc{colah_blog_post,
    author = {{Christopher Olah}},
    title = {{Understanding LSTM Networks}},
    howpublished = {\url{http://colah.github.io/posts/2015-08-Understanding-LSTMs/}},
    note = {Online; accessed 26.03.2020} 
    }

@misc{lstm_cell_tikz,
      author = {{J. Leon}},
      title = {{How do I draw an LSTM cell in Tikz?}},
      howpublished = {\url{https://tex.stackexchange.com/questions/432312/how-do-i-draw-an-lstm-cell-in-tikz?rq=1}},
      note = {Online; accessed 26.03.2020} 
    }

ds_era.merge(ds_tcc, compat = 'broadcast_equals')
% Used pages (page 362).
@book{OReiley_book,
    author = {Gron, Aurlien},
    title = {Hands-On Machine Learning with Scikit-Learn and TensorFlow: Concepts, Tools, and Techniques to Build Intelligent Systems},
    year = {2017},
    isbn = {1491962291},
    publisher = {O’Reilly Media, Inc.},
    edition = {1st},
    pages = {362-365},
    }

@book{chollet_book,
    author = {Chollet, Francois},
    title = {Deep Learning with Python},
    year = {2017},
    isbn = {1617294438},
    publisher = {Manning Publications Co.},
    address = {USA},
    edition = {1st},
    pages={?}
    }
    
@inbook{lohmann_lüönd_mahrt_2016, 
    place={Cambridge}, title={Clouds}, DOI={10.1017/CBO9781139087513.002}, booktitle={An Introduction to Clouds: From the Microscale to Climate}, publisher={Cambridge University Press}, author={Lohmann, Ulrike and Lüönd, Felix and Mahrt, Fabian}, year={2016}, pages={?}
    }

@misc{precip_nowcasting,
    title={Convolutional LSTM Network: A Machine Learning Approach for Precipitation Nowcasting},
    author={Xingjian Shi and Zhourong Chen and Hao Wang and Dit-Yan Yeung and Wai-kin Wong and Wang-chun Woo},
    year={2015},
    eprint={1506.04214},
    archivePrefix={arXiv},
    primaryClass={cs.CV}
}
