@article{Mania2019,
    title = {{Model Similarity Mitigates Test Set Overuse}},
    year = {2019},
    author = {Mania, Horia and Miller, John and Schmidt, Ludwig and Hardt, Moritz and Recht, Benjamin},
    month = {5},
    url = {http://arxiv.org/abs/1905.12580},
    arxivId = {1905.12580}
}

@article{Karlsson2015AdvancingData,
    title = {{Advancing the uncertainty characterisation of cloud masking in passive satellite imagery: Probabilistic formulations for NOAA AVHRR data}},
    year = {2015},
    journal = {Remote Sensing of Environment},
    author = {Karlsson, K. G. and Johansson, E. and Devasthale, A.},
    doi = {10.1016/j.rse.2014.10.028},
    issn = {00344257},
    keywords = {AVHRR, CALIPSO, Cloud masking, Cloud probabilities, Satellite}
}

@article{Schneider2017ClimateClouds,
    title = {{Climate goals and computing the future of clouds}},
    year = {2017},
    journal = {Nature Climate Change},
    author = {Schneider, Tapio and Teixeira, João and Bretherton, Christopher S. and Brient, Florent and Pressel, Kyle G. and Sch{\"{a}}r, Christoph and Siebesma, A. Pier},
    number = {1},
    month = {1},
    pages = {3--5},
    volume = {7},
    url = {http://www.nature.com/articles/nclimate3190},
    doi = {10.1038/nclimate3190},
    issn = {1758-678X}
}

@article{Betts1989ClimaticOcean,
    title = {{Climatic equilibrium of the atmospheric convective boundary layer over a tropical ocean}},
    year = {1989},
    journal = {Journal of the Atmospheric Sciences},
    author = {Betts, Alan K. and Ridgway, W.},
    number = {17},
    month = {9},
    pages = {2621--2641},
    volume = {46},
    url = {http://journals.ametsoc.org/doi/abs/10.1175/1520-0469%281989%29046%3C2621%3ACEOTAC%3E2.0.CO%3B2},
    doi = {10.1175/1520-0469(1989)046<2621:CEOTAC>2.0.CO;2},
    issn = {00224928}
}

@article{Betts1989ClimaticOceanb,
    title = {{Climatic Equilibrium of the Atmospheric Convective Boundary Layer over a Tropical Ocean}},
    year = {1989},
    journal = {Journal of the Atmospheric Sciences},
    author = {Betts, Alan K. and Ridgway, W.},
    number = {17},
    month = {9},
    pages = {2621--2641},
    volume = {46},
    url = {http://journals.ametsoc.org/doi/abs/10.1175/1520-0469%281989%29046%3C2621%3ACEOTAC%3E2.0.CO%3B2},
    doi = {10.1175/1520-0469(1989)046<2621:CEOTAC>2.0.CO;2},
    issn = {0022-4928}
}

@article{Mellado2017Cloud-TopClouds,
    title = {{Cloud-Top Entrainment in Stratocumulus Clouds}},
    year = {2017},
    journal = {Annual Review of Fluid Mechanics},
    author = {Mellado, Juan Pedro},
    number = {1},
    month = {1},
    pages = {145--169},
    volume = {49},
    url = {http://www.annualreviews.org/doi/10.1146/annurev-fluid-010816-060231},
    doi = {10.1146/annurev-fluid-010816-060231},
    issn = {0066-4189}
}

@article{Yadav2019ColdDigits,
    title = {{Cold Case: The Lost MNIST Digits}},
    year = {2019},
    author = {Yadav, Chhavi and Bottou, Léon},
    month = {5},
    url = {http://arxiv.org/abs/1905.10498},
    arxivId = {1905.10498}
}

@article{Recht2018DoCIFAR-10,
    title = {{Do CIFAR-10 Classifiers Generalize to CIFAR-10?}},
    year = {2018},
    author = {Recht, Benjamin and Roelofs, Rebecca and Schmidt, Ludwig and Shankar, Vaishaal},
    month = {6},
    url = {http://arxiv.org/abs/1806.00451},
    arxivId = {1806.00451}
}

@article{Recht2019DoImageNet,
    title = {{Do ImageNet Classifiers Generalize to ImageNet?}},
    year = {2019},
    author = {Recht, Benjamin and Roelofs, Rebecca and Schmidt, Ludwig and Shankar, Vaishaal},
    month = {2},
    url = {http://arxiv.org/abs/1902.10811},
    arxivId = {1902.10811}
}

@article{Zrnic2019NaturalAnalysis,
    title = {{Natural Analysts in Adaptive Data Analysis}},
    year = {2019},
    author = {Zrnic, Tijana and Hardt, Moritz},
    month = {1},
    url = {http://arxiv.org/abs/1901.11143},
    arxivId = {1901.11143}
}

@article{Pressel2017NumericsClouds,
    title = {{Numerics and subgrid‐scale modeling in large eddy simulations of stratocumulus clouds}},
    year = {2017},
    journal = {Journal of Advances in Modeling Earth Systems},
    author = {Pressel, Kyle G. and Mishra, Siddhartha and Schneider, Tapio and Kaul, Colleen M. and Tan, Zhihong},
    number = {2},
    month = {6},
    pages = {1342--1365},
    volume = {9},
    url = {https://onlinelibrary.wiley.com/doi/abs/10.1002/2016MS000778},
    doi = {10.1002/2016MS000778},
    issn = {1942-2466}
}

@article{Schneider2019PossibleWarming,
    title = {{Possible climate transitions from breakup of stratocumulus decks under greenhouse warming}},
    year = {2019},
    journal = {Nature Geoscience},
    author = {Schneider, Tapio and Kaul, Colleen M. and Pressel, Kyle G.},
    number = {3},
    month = {3},
    pages = {163--167},
    volume = {12},
    publisher = {Nature Publishing Group},
    url = {http://www.nature.com/articles/s41561-019-0310-1},
    doi = {10.1038/s41561-019-0310-1},
    issn = {1752-0894},
    keywords = {Atmospheric science, Climate change, Climate sciences, Palaeoclimate}
}

@article{Feldman2019TheReuse,
    title = {{The advantages of multiple classes for reducing overfitting from test set reuse}},
    year = {2019},
    author = {Feldman, Vitaly and Frostig, Roy and Hardt, Moritz},
    month = {5},
    url = {http://arxiv.org/abs/1905.10360},
    arxivId = {1905.10360}
}

@article{Klein1993TheClouds,
    title = {{The Seasonal Cycle of Low Stratiform Clouds}},
    year = {1993},
    journal = {Journal of Climate},
    author = {Klein, Stephen A. and Hartmann, Dennis L.},
    number = {8},
    month = {8},
    pages = {1587--1606},
    volume = {6},
    url = {http://journals.ametsoc.org/doi/abs/10.1175/1520-0442%281993%29006%3C1587%3ATSCOLS%3E2.0.CO%3B2},
    doi = {10.1175/1520-0442(1993)006<1587:TSCOLS>2.0.CO;2},
    issn = {0894-8755}
}

@article{Nam2012TheModels,
    title = {{The ‘too few, too bright’ tropical low-cloud problem in CMIP5 models}},
    year = {2012},
    journal = {Geophysical Research Letters},
    author = {Nam, C. and Bony, S. and Dufresne, J.-L. and Chepfer, H.},
    number = {21},
    month = {11},
    pages = {n/a-n/a},
    volume = {39},
    url = {http://doi.wiley.com/10.1029/2012GL053421},
    doi = {10.1029/2012GL053421},
    issn = {00948276}
}

@article{Eastman2011Variations19542008,
    title = {{Variations in Cloud Cover and Cloud Types over the Ocean from Surface Observations, 1954–2008}},
    year = {2011},
    journal = {Journal of Climate},
    author = {Eastman, Ryan and Warren, Stephen G. and Hahn, Carole J.},
    number = {22},
    month = {11},
    pages = {5914--5934},
    volume = {24},
    url = {http://journals.ametsoc.org/doi/abs/10.1175/2011JCLI3972.1},
    doi = {10.1175/2011JCLI3972.1},
    issn = {0894-8755}
}

@article{Einstein1905ZurKorper,
    title = {{Zur Elektrodynamik bewegter K{\"{o}}rper}},
    year = {1905},
    journal = {Annalen der Physik},
    author = {Einstein, Albert},
    number = {10},
    pages = {891--921},
    volume = {322},
    doi = {10.1002/andp.19053221004},
    issn = {15213889}
}